% This file was created with JabRef 2.5.
% Encoding: Cp1252

@MISC{Telenor:om,
  author = {Telenor},
  title = {{Om Telenor}},
  month = {july},
  year = {2010},
  howpublished = {\url{http://www.telenor.se/privat/om-telenor/index.html}},
}

@MISC{Bredbandsbolaget:om,
  author = {Bredbandsbolaget},
  title = {{Om Bredbandsbolaget}},
  month = {july},
  year = {2010},
  howpublished = {\url{http://www.bredbandsbolaget.se/omoss/index.html}},
}

@MISC{mdc:javascript,
  author = {Mozilla Developer Center},
  title = {About JavaScript},
  month = {april},
  year = {2010},
  howpublished = {\url{https://developer.mozilla.org/en/About_JavaScript}}
}

@MISC{mdc:xhr,
  author = {{Mozilla Developer Center}},
  title = {{XMLHttpRequest}},
  month ={mars},
  year = {2010},
  howpublished = {\url{https://developer.mozilla.org/en/XMLHttpRequest}},
}

@MISC{mdc:xhr:cross_site,
  author = {{Mozilla Developer Center}},
  title = {{HTTP access control}},
  month = {januari},
  year = {2010},
  howpublished = {\url{https://developer.mozilla.org/En/HTTP_Access_Control}}
}


% editor = {Simon St.Laurent},
@BOOK{Crockford:javascript_good_parts,
  title = {{JavaScript}: The Good Parts},
  author = {Douglas Crockford},  
  publisher = {O'Reilly},
  year = {2008},
  month = {maj}
}

%  editor = {Simon St.Laurent},
@BOOK{Crockford:javascript_good_parts:analyze,
  title = {{JavaScript}: The Good Parts},
  author = {Douglas Crockford},  
  publisher = {O'Reilly},
  year = {2008},
  month = {maj},
  pages = 3
}

@MISC{rfc:cgi,
  author = {D. Robinson, K. Coar},
  title = {The Common Gateway Interface ({CGI}) Version 1.1}, 
  month = {oktober},
  year = {2004},
  organization = {The Apache software foundation},
  howpublished = {\url{http://www.ietf.org/rfc/rfc3875.txt}},
}

%  editor = {Simon St.Laurent},
@BOOK{StLaurent:svg_essentials,
  title = {{SVG} Essentials},
  publisher = {O'Reilly},
  month = {februari}, 
  year = {2002},
  author = {J. David Eisenberg},
  keywords = {SVG},
  owner = {Steve Eriksson},
}

@BOOK{StLaurent:svg_essentials:attribute,
  author = {J. David Eisenberg},
  title = {{SVG} Essentials},
  publisher = {O'Reilly},
  month = {februari}, 
  year = {2002},
  pages = "195--196"
}

@BOOK{StLaurent:svg_essentials:text,
  author = {J. David Eisenberg},
  title = {{SVG} Essentials},
  publisher = {O'Reilly},
  month = {februari}, 
  year = {2002},
  pages = "119--120"
}

@BOOK{Polya:solve,
  author = {George Pólya},  
  title = {How to solve it},
  publisher = {{Princeton University Press}},
  month = {februari}, 
  year = {1973},
  isbn = {0-691-02356-5}
}



@MISC{Garrett:ajax,
  author = {Jesse James Garrett},
  month = {februari},
  year = {2005},
  title = {Ajax: A New Approach to Web Applications},
  howpublished = {\url{http://www.adaptivepath.com/ideas/essays/archives/000385.php}}
}

@MISC{Holman:what_is_xslt,
  author = {G. Ken Holman},
  title = {What is {XSLT}?},  
  month = {augusti},
  year = {2000},
  howpublished = {\url{http://www.xml.com/pub/a/2000/08/holman/index.html}}
}

@MISC{Levitt:ajax-harmful,
  author = {Jason Levitt},
  title = {Fixing {AJAX}: {XMLHttpRequest} Considered Harmful},
  month = {november},
  year = {2005},
  howpublished = {\url{http://www.xml.com/pub/a/2005/11/09/fixing-ajax-xmlhttprequest-considered-harmful.html}}
}

@MISC{McLellan:dynamic_web_interfaces,
  author = {Drew McLellan},
  title = {Very Dynamic Web Interfaces},
  month = {februari},
  year = {2005}, 
  howpublished = {\url{http://www.xml.com/pub/a/2005/02/09/xml-http-request.html}}
}

@MISC{Pajas:libxslt-perl,
  author = {Petr Pajas},
  title = {{XML::LibXSLT}},
  month = {april},
  year = {2010},
  howpublished = {\url{http://search.cpan.org/dist/XML-LibXSLT/LibXSLT.pm}}
}

@MISC{rfc:uri,
  author = {T. Berners-Lee, R. Fielding, L. Masinter},
  title = {Uniform Resource Identifier ({URI}): Generic Syntax},  
  month = {januari},
  year = {2005},
  organization = {W3C, MIT, Day Software, Adobe Systems},
  howpublished = {\url{http://www.ietf.org/rfc/rfc3986.txt}}
}

%datum saknas
@MISC{Veillard:libxslt,
  author = {Daniel Veillard},
  title = {The {XSLT} {C} library for {GNOME}},
  month = {april},
  year = {2010},
  howpublished = {\url{http://xmlsoft.org/XSLT/}}
}

@MISC{w3c:svg,
  author = {W3C},
  title = {{S}calable {V}ector {G}raphics ({SVG}) 1.0 Specification},
  month = {september},
  year = {2001},
  keywords = {SVG},
  howpublished = {\url{http://www.w3.org/TR/SVG10/index.html}} 
}

@MISC{w3c:svg:script,
  author = {W3C},
  title = {{S}calable {V}ector {G}raphics ({SVG}) 1.0 Specification},
  month = {september},
  year = {2001},
  keywords = {SVG},
  howpublished = {\url{http://www.w3.org/TR/SVG10/script.html}}
}

@MISC{w3c:svg:dom,
  author = {W3C},
  title = {{SVG} {D}ocument {O}bject {M}odel ({DOM})},  
  month = {januari},
  year = {2003},
  howpublished = {\url{http://www.w3.org/TR/SVG/svgdom.html}}
}

@MISC{w3c:css,
  author = {W3C},
  title = {{C}ascading {S}tyle {S}heets},
  month = {mars},
  year = {2010},
  howpublished = {\url{http://www.w3.org/Style/CSS/}}
 }

@MISC{w3c:xhr,
  author = {W3C},
  title = {{XMLHttpRequest}},
  month = {november},
  year = {2009},
  howpublished = {\url{http://www.w3.org/TR/XMLHttpRequest/}}
}

@MISC{w3c:xhr:cross_site,
  author = {W3C},
  title = {{Cross-Origin Resource Sharing}},
  month = {mars},
  year = {2009},
  howpublished = {\url{http://www.w3.org/TR/cors/}}
}

@MISC{w3c:cgi,
  author = {Dan Connolly},
  title = {{CGI}: {C}ommon {G}ateway {I}nterface},  
  month = {maj},
  year = {2009},
  howpublished = {\url{http://www.w3.org/CGI/}}
}

@MISC{w3c:xhtml,
  author = {W3C},
  title = {{XHTML}{\texttrademark} 1.0 {The Extensible HyperText Markup Language
	(Second Edition)}},
  month = {augusti},
  year = {2002},
  howpublished = {\url{http://www.w3.org/TR/xhtml1/}}
}

@MISC{w3c:xml,
  author = {W3C},
  title = {{E}xtensible {M}arkup {L}anguage},
  month = {mars},
  year = {2010},
  howpublished = {\url{http://www.w3.org/XML/}}
}


@MISC{w3c:dom2:ecma,
  author = {W3C},
  title = {{ECMAScript} {L}anguage {B}inding},  
  month = {november},
  year = {2000},
  howpublished = {\url{http://www.w3.org/TR/DOM-Level-2-Core/ecma-script-binding.html}}
}

@MISC{w3c:dom2,
  author = {W3C},
  title = {{D}ocument {O}bject {M}odel ({DOM}) Level 2 Core Specification},  
  month = {november},
  year = {2000},
  howpublished = {\url{http://www.w3.org/TR/DOM-Level-2-Core}}
}

@MISC{w3c:xslt,
  author = {W3C},
  title = {{XSL} Transformations ({XSLT})},
  month = {november},
  year = {1999},
  howpublished = {\url{http://www.w3.org/TR/xslt}}
}

@MISC{w3c:standards,
  author = {W3C},
  title = {{D}efinition of {O}pen {S}tandards},
  month = {september},
  year = {2007},
  howpublished= {\url{http://www.w3.org/2005/09/dd-osd.html}}
}

%hämtad maj 2010
@MISC{osi:open,
  author = {{O}pen {S}ource {I}nitiative},
  title = {{T}he {O}pen {S}ource {D}efinition},
  month = {},
  year = {2010},
  howpublished = {\url{http://opensource.org/docs/osd}}
}
@MISC{graphviz:graphviz,
  author = {Okänd},
  title = {GraphViz - Graph visualization software},
  month = {mars},
  year = {2010},
  howpublished = {\url{http://www.graphviz.org/}}
}

@MISC{graphviz:dot,
  author = {Okänd},
  title = {GraphViz - Graph visualization software},
  month = {mars},
  year = {2010},
  howpublished = {\url{http://www.graphviz.org/doc/info/lang.html}}
}



@Manual{Gasner:dot,
  title = {Drawing graphs with \emph{dot}},
  author = {Emden R. Gasner, Eleftherios Koutsofios, Stephen North},
  month = {december},
  year = {2009},
  OPTkey =       {},
  OPTauthor =    {Emden R. Gasner, Eleftherios Koutsofios, Stephen North},
  OPTorganization = {},
  OPTaddress =   {},
  OPTedition =   {},
  OPTmonth =     {december},
  OPTyear =      {2009},
  OPTnote =      {},
  OPTannote =    {}
}

@MISC{att:graphviz,
  author = {{AT\&T}},
  title = {{GraphViz}},
  month = {april},
  year = {2010},
  howpublished = {\url{http://www2.research.att.com/areas/visualization/projects_software/graphviz.php}}
}


@MISC{lighttpd,
  author = {Okänd},
  title = {{LIGHTTPD}},
  month = {februari},
  year = {2010},
  howpublished = {\url{http://www.lighttpd.net/}}

}

% hämtad 2010, april
@MISC{apache:xalan,
  author = {{A}pache {S}oftware {F}oundation},
  title = {{The Apache Xalan Project}},
  year = {2005}, 
  howpublished = {\url{http://xalan.apache.org/}}
}


@MISC{microsoft:xslt,
  author = {Microsoft},
  title = {Deploying {XSLT} in {I}nternet {E}xplorer},
  year = {2010}, 
  howpublished = {\url{http://msdn.microsoft.com/en-us/library/ms760279(VS.85).aspx}}
}

@MISC{opera:xslt,
  author = {{Opera Software}},
  title = {{Web specifications supported in Opera Presto 2.5}},
  month = {april},
  year = {2010}, 
  howpublished = {\url{http://www.opera.com/docs/specs/presto25/#xml}}
}

@MISC{webkit:xslt,
  author = {{T}he {W}ebkit {O}pen {S}ource {P}roject},
  title = {{XSLT}},
  year = {2010}, 
  howpublished = {\url{http://webkit.org/projects/xslt/index.html}}
}

@MISC{gecko:xslt,
  author = {{Mozilla Developer Center}},
  title = {Gecko {FAQ}},
  month = {februari},
  year = {2010}, 
  howpublished = {\url{https://developer.mozilla.org/en/Gecko_FAQ}}
}

